@misc{prob2017,
  author        = {Rodríguez del Tío, María Pilar},
  title         = {{Probabilidad}},
  year          = {2017/18},
  publisher     = {Facultad de Ciencias: Departamento de Estadística}
}
